<?xml version="1.0" encoding="UTF-8"?><collection xmlns="http://www.loc.gov/MARC21/slim"><record><leader>00343nam--2200133-i-4500</leader><controlfield tag="001">000034618</controlfield><controlfield tag="002">20161230</controlfield><controlfield tag="005">20161230201040</controlfield><controlfield tag="008">060222s1000------------r-----000-0-eng-d</controlfield><datafield ind1=" " ind2=" " tag="080"><subfield code="a">517.638.7</subfield></datafield><datafield ind1=" " ind2=" " tag="100"><subfield code="a">Nikolski, S.M</subfield></datafield><datafield ind1=" " ind2=" " tag="245"><subfield code="a">Formule de cuadratura.traducere din limba rusa</subfield></datafield><datafield ind1=" " ind2=" " tag="260"><subfield code="a">Bucurest, Editura Tehnica, 1964. 117p</subfield></datafield><datafield ind1=" " ind2=" " tag="852"><subfield code="a">9524</subfield></datafield></record></collection>